<?xml version="1.0" encoding="UTF-8"?><collection xmlns="http://www.loc.gov/MARC21/slim"><record><leader>00537nam--2200181-u-4500</leader><controlfield tag="001">000055437</controlfield><controlfield tag="002">20161230</controlfield><controlfield tag="005">20161230201052</controlfield><controlfield tag="008">130208s1000------------r-----000-0-eng-d</controlfield><datafield ind1=" " ind2=" " tag="040"><subfield code="a">IFIN-HH</subfield></datafield><datafield ind1=" " ind2=" " tag="080"><subfield code="a">413.232=2=S</subfield></datafield><datafield ind1="1" ind2=" " tag="100"><subfield code="a">Folomkina, S</subfield></datafield><datafield ind1="1" ind2="0" tag="245"><subfield code="a">The learner's enhlish-russian dictionary for english speaking students</subfield><subfield code="b">Anglo-russkii ucebnii slovari</subfield><subfield code="c">S. folomkina, h. weiser</subfield></datafield><datafield ind1=" " ind2=" " tag="260"><subfield code="a">Moskva</subfield><subfield code="b">State Publishing House</subfield><subfield code="c">1962</subfield></datafield><datafield ind1=" " ind2=" " tag="300"><subfield code="a">655P</subfield></datafield><datafield ind1="1" ind2=" " tag="700"><subfield code="a">Weise, H</subfield></datafield><datafield ind1=" " ind2=" " tag="852"><subfield code="a">D.258</subfield><subfield code="c">SLG</subfield></datafield><datafield ind1=" " ind2=" " tag="CAT"><subfield code="a">Sys</subfield><subfield code="c">20130208</subfield><subfield code="h">095222</subfield></datafield></record></collection>